<record><leader>00000cas a22000007a 4500</leader><controlfield tag="001">20008158</controlfield><controlfield tag="008">890714d19731976maudn ne      0    0eng d</controlfield><datafield ind1=" " ind2=" " tag="010"><subfield code="a">sn 89062136 </subfield></datafield><datafield ind1=" " ind2=" " tag="040"><subfield code="a">MGN</subfield><subfield code="b">eng</subfield><subfield code="c">MGN</subfield><subfield code="d">OCLCQ</subfield></datafield><datafield ind1=" " ind2=" " tag="042"><subfield code="a">msc</subfield></datafield><datafield ind1="0" ind2="4" tag="245"><subfield code="a">The Daily sentinel and Leominster enterprise.</subfield></datafield><datafield ind1=" " ind2=" " tag="260"><subfield code="a">Fitchburg, Mass. :</subfield><subfield code="b">[s.n.]</subfield></datafield><datafield ind1=" " ind2=" " tag="300"><subfield code="a">v.</subfield></datafield><datafield ind1=" " ind2=" " tag="310"><subfield code="a">Daily (except Sun.)</subfield></datafield><datafield ind1="0" ind2=" " tag="362"><subfield code="a">Vol. 134 (Sept. 4, 1973)-v. 137, no. 25 (Jan. 20, 1976).</subfield></datafield><datafield ind1=" " ind2=" " tag="752"><subfield code="a">United States</subfield><subfield code="b">Massachusetts</subfield><subfield code="c">Worcester</subfield><subfield code="d">Fitchburg.</subfield></datafield><datafield ind1="0" ind2="4" tag="780"><subfield code="t">Fitchburg sentinel (Fitchburg, Mass. : Daily)</subfield><subfield code="w">(DLC)sn 89062135</subfield></datafield><datafield ind1="0" ind2="4" tag="780"><subfield code="t">Leominster enterprise (Leominster, Mass. : Daily)</subfield><subfield code="w">(DLC)sn 89062419</subfield></datafield><datafield ind1="0" ind2="0" tag="785"><subfield code="t">Fitchburg-Leominster sentinel and enterprise</subfield><subfield code="w">(DLC)sn 89062137</subfield></datafield></record>